@article{DBLP:journals/corr/LiuPN16,
  author    = {Fei Liu and
               Julien Perez and
               Scott Nowson},
  title     = {A Language-independent and Compositional Model for Personality Trait
               Recognition from Short Texts},
  journal   = {CoRR},
  volume    = {abs/1610.04345},
  year      = {2016},
  url       = {http://arxiv.org/abs/1610.04345},
  timestamp = {Wed, 02 Nov 2016 09:51:26 +0100},
  biburl    = {http://dblp.uni-trier.de/rec/bib/journals/corr/LiuPN16},
  bibsource = {dblp computer science bibliography, http://dblp.org}
}